% Encoding: UTF-8

@Report{Lawrence2020,
  author = {Kai Lawrence},
  date   = {2020},
  url = {https://github.com/klawr/deepmech/tree/master/reports/srp},
  title  = {Student Research Project},
  type   = {resreport},
}

@WWW{Josefsson2018,
  author  = {Simon Josefsson},
  date    = {2018},
  title   = {base64},
  url     = {https://www.gnu.org/software/coreutils/manual/html_node/base64-invocation.html},
  urldate = {2020-04-01},
}

@WWW{MaterialUI2020,
  author = {Material-UI},
  date   = {2020-12-15},
  title  = {Material-UI},
  url    = {https://material-ui.com/},
}

@WWW{Abramov2021,
  author = {Dan Abramov},
  date   = {2021-01-08},
  title  = {React-Redux},
  url    = {https://react-redux.js.org/},
}

@WWW{Microsoft2021,
  author = {Microsoft},
  date   = {2021-02-19},
  title  = {Windows Presentation Foundation},
  url    = {https://docs.microsoft.com/en-us/dotnet/desktop/wpf/?view=netframeworkdesktop-4.8},
}

@WWW{Microsoft2021a,
  author = {Microsoft},
  date   = {2021-02-19},
  title  = {Windows UI Library},
  url    = {https://docs.microsoft.com/en-us/windows/apps/winui/winui3/},
}

@Comment{jabref-meta: databaseType:biblatex;}
