% Encoding: UTF-8

@WWW{Goessner2019,
  author = {Stefan Gössner},
  title  = {mec2},
  year   = {2019},
  url    = {https://github.com/goessner/mec2},
}

@Book{Goessner2019a,
  author    = {Stefan Gössner},
  title     = {Ebene Mechanismenmodelle als Partikelsysteme - ein neuer Ansatz. Tagungsband 13. Kolloquium Getriebetechnik, Fachhochschule Dortmund, 18. - 20. September 2019},
  year      = {2019},
  publisher = {Logos Berlin},
  isbn      = {978-3-8325-4979-4},
  pages     = {169-180},
  url       = {https://www.amazon.com/Tagungsband-Kolloquium-Getriebetechnik-Fachhochschule-Dortmund/dp/383254979X?SubscriptionId=AKIAIOBINVZYXZQZ2U3A&tag=chimbori05-20&linkCode=xm2&camp=2025&creative=165953&creativeASIN=383254979X},
}

@Book{Goessner2018,
  author = {Stefan Gössner},
  title  = {Fundamentals for Web-Based Analysis and Simulation of Planar Mechanisms, EuCoMeS 2018, Proceedings of the 7th European Conference of Mechanism Science},
  year   = {2018},
}

@WWW{Goessner2019b,
  author = {Stefan Gössner},
  title  = {g2},
  year   = {2019},
  url    = {https://github.com/goessner/g2},
}

@MastersThesis{Uhlig2019,
  author = {Jan Uhlig},
  title  = {Entwicklung einer modularen Web-App zur interaktiven Modellierung und impulsbasierten Analyse beliebiger planarer Koppelmechanismen},
  year   = {2019},
  school = {Fachhochschule Dortmund},
}

@WWW{Uhlig2019a,
  author  = {Jan Uhlig},
  title   = {mecEdit},
  year    = {2019},
  url     = {https://mecedit.com},
  urldate = {2019-12-11},
}

@WWW{Google2019,
  author  = {Google},
  title   = {Tensorflow},
  date    = {2019},
  url     = {https://www.tensorflow.org/},
  urldate = {2019-10-09},
}

@WWW{Chollet2019,
  author  = {François Chollet},
  title   = {Keras},
  year    = {2019},
  url     = {https://keras.io/},
  urldate = {2019-10-09},
}

@Book{Chollet2017,
  author    = {Chollet, Francois},
  title     = {Deep Learning with Python},
  year      = {2017},
  date      = {2017-10-28},
  publisher = {Manning Publications},
  isbn      = {1617294438},
  pagetotal = {384},
  url       = {https://www.ebook.de/de/product/28930398/francois_chollet_deep_learning_with_python.html},
  ean       = {9781617294433},
}

@Comment{jabref-meta: databaseType:biblatex;}
